@book{lang_python,
	title = {Python tutorial},
	author = {Van Rossum, Guido and Drake Jr, Fred L},
	year = {1995},
	publisher = {Centrum voor Wiskunde en Informatica Amsterdam, The Netherlands},
}
@misc{lib_tensorflow,
	title = { {TensorFlow}: Large-Scale Machine Learning on Heterogeneous Systems},
	url = {https://www.tensorflow.org/},
	note = {Software available from tensorflow.org},
	author = { Mart\'{i}n~Abadi and Ashish~Agarwal and Paul~Barham and Eugene~
	          Brevdo and Zhifeng~Chen and Craig~Citro and Greg~S.~Corrado and Andy~
	          Davis and Jeffrey~Dean and Matthieu~Devin and Sanjay~Ghemawat and Ian
	          ~Goodfellow and Andrew~Harp and Geoffrey~Irving and Michael~Isard and
	          Yangqing Jia and Rafal~Jozefowicz and Lukasz~Kaiser and Manjunath~
	          Kudlur and Josh~Levenberg and Dandelion~Man\'{e} and Rajat~Monga and
	          Sherry~Moore and Derek~Murray and Chris~Olah and Mike~Schuster and
	          Jonathon~Shlens and Benoit~Steiner and Ilya~Sutskever and Kunal~
	          Talwar and Paul~Tucker and Vincent~Vanhoucke and Vijay~Vasudevan and
	          Fernanda~Vi\'{e}gas and Oriol~Vinyals and Pete~Warden and Martin~
	          Wattenberg and Martin~Wicke and Yuan~Yu and Xiaoqiang~Zheng},
	year = {2015},
}
@manual{lang_r,
	title = {R: A Language and Environment for Statistical Computing},
	author = {{R Core Team}},
	organization = {R Foundation for Statistical Computing},
	address = {Vienna, Austria},
	year = {2021},
	url = {https://www.R-project.org/},
}
@book{lib_ggplot2,
	author = {Hadley Wickham},
	title = {ggplot2: Elegant Graphics for Data Analysis},
	publisher = {Springer-Verlag New York},
	year = {2016},
	isbn = {978-3-319-24277-4},
	url = {https://ggplot2.tidyverse.org},
}
@article{article_deep_q_hybrid_maze_solving,
	title = {Deep Q-learning with hybrid quantum neural network on solving maze
	         problems},
	author = {Chen, Hao-Yuan and Chang, Yen-Jui and Liao, Shih-Wei and Chang,
	          Ching-Ray},
	journal = {Quantum Machine Intelligence},
	volume = {6},
	number = {1},
	pages = {2},
	year = {2024},
	publisher = {Springer},
}
@article{article_reinforcement_learning_survey,
	title = {Reinforcement learning: A survey},
	author = {Kaelbling, Leslie Pack and Littman, Michael L and Moore, Andrew W},
	journal = {Journal of artificial intelligence research},
	volume = {4},
	pages = {237--285},
	year = {1996},
}
@inproceedings{article_theory_analysis_deep_q,
	title = {A theoretical analysis of deep Q-learning},
	author = {Fan, Jianqing and Wang, Zhaoran and Xie, Yuchen and Yang, Zhuoran},
	booktitle = {Learning for dynamics and control},
	pages = {486--489},
	year = {2020},
	organization = {PMLR},
}
@inproceedings{article_design_centric_maze_generation,
	title = {Design-centric maze generation},
	author = {Kim, Paul Hyunjin and Grove, Jacob and Wurster, Skylar and Crawfis,
	          Roger},
	booktitle = {Proceedings of the 14th International Conference on the
	             Foundations of Digital Games},
	pages = {1--9},
	year = {2019},
}
@article{article_kickstart_deep_reinforcement_learning,
	title = {Kickstarting deep reinforcement learning},
	author = {Schmitt, Simon and Hudson, Jonathan J and Zidek, Augustin and
	          Osindero, Simon and Doersch, Carl and Czarnecki, Wojciech M and Leibo
	          , Joel Z and Kuttler, Heinrich and Zisserman, Andrew and Simonyan,
	          Karen and others},
	journal = {arXiv preprint arXiv:1803.03835},
	year = {2018},
}
@article{aritcle_training_larger_nets_for_deep_reinforcement,
	title = {Training larger networks for deep reinforcement learning},
	author = {Ota, Kei and Jha, Devesh K and Kanezaki, Asako},
	journal = {arXiv preprint arXiv:2102.07920},
	year = {2021},
}
